@article{Berg2018,
archivePrefix = {arXiv},
arxivId = {1803.05649},
author = {van den Berg, Rianne and Hasenclever, Leonard and Tomczak, Jakub M. and Welling, Max},
title = {{Sylvester normalizing flows for variational inference}},
journal = {arXiv:1803.05649},
year = {2018}
}

@article{LeCun1998,
author = {Y. LeCun and L. Bottou and Y. Bengio and P. Haffner},
journal = {Proc.\ IEEE},
volume = {86},
number = {11},
pages = {2278-2324},
title = {{Gradient-based learning applied to document recognition}},
year = {1998}
}

@article{Williams1992,
author = {Williams, Ronald J.},
journal = {Machine Learning},
number = {3-4},
pages = {229--256},
title = {{Simple statistical gradient-following algorithms for connectionist reinforcement learning}},
volume = {8},
year = {1992}
}

@inproceedings{Vaswani2017,
archivePrefix = {arXiv},
arxivId = {1706.03762},
author = {Vaswani, Ashish and Shazeer, Noam and Parmar, Niki and Uszkoreit, Jakob and Jones, Llion and Gomez, Aidan N and Kaiser, Lukasz and Polosukhin, Illia},
booktitle = {NIPS},
title = {{Attention is all you need}},
pages = {5998-6008},
year = {2017}
}

@inproceedings{schmah2009,
author = {Schmah, Tanya and Hinton, Geoffrey E. and Small, Steven L. and Strother, Stephen and Zemel, Richard S.},
pages = {1409--1416},
booktitle = {NIPS},
title = {{Generative versus discriminative training of RBMs for classification of fMRI images}},
year = {2009}
}

@article{Russakovsky2014,
archivePrefix = {arXiv},
arxivId = {1409.0575},
author = {Russakovsky, Olga and Deng, Jia and Su, Hao and Krause, Jonathan and Satheesh, Sanjeev and Ma, Sean and Huang, Zhiheng and Karpathy, Andrej and Khosla, Aditya and Bernstein, Michael and Berg, Alexander C and Fei-Fei, Li},
journal = {Int.\ J.\ Computer Vision},
number = {3},
pages = {211--252},
title = {{ImageNet large scale visual recognition challenge}},
volume = {115},
year = {2015}
}

@inproceedings{Rezende2015,
archivePrefix = {arXiv},
arxivId = {1505.05770},
author = {Rezende, Danilo Jimenez and Mohamed, Shakir},
booktitle = {ICML},
title = {{Variational inference with normalizing flows}},
year = {2015}
}

@inproceedings{Rezende2014,
archivePrefix = {arXiv},
arxivId = {1401.4082},
author = {Rezende, Danilo Jimenez and Mohamed, Shakir and Wierstra, Daan},
booktitle = {ICML},
title = {{Stochastic backpropagation and approximate inference in deep generative Models}},
year = {2014}
}

@inproceedings{Ramachandran2017,
archivePrefix = {arXiv},
arxivId = {1710.05941},
author = {Ramachandran, Prajit and Zoph, Barret and Le, Quoc V.},
title = {{Searching for activation functions}},
booktitle = {ICLR},
year = {2018}
}


@inproceedings{Papamakarios2017,
archivePrefix = {arXiv},
arxivId = {1705.07057},
author = {Papamakarios, George and Pavlakou, Theo and Murray, Iain},
pages = {2335-2344},
booktitle = {NIPS},
title = {{Masked autoregressive flow for density estimation}},
year = {2017}
}

@article{Oliver2018,
archivePrefix = {arXiv},
arxivId = {1804.09170},
author = {Oliver, Avital and Odena, Augustus and Raffel, Colin and Cubuk, Ekin D and Goodfellow, Ian J.},
title = {{Realistic evaluation of deep semi-supervised learning algorithms}},
journal = {arXiv:1804.09170},
year = {2018}
}

@inproceedings{Netzer2011,
author = {Netzer, Yuval and Wang, Tao  and Coates, Adam and Bissacco, Alessandro and Wu, Bo and Ng, Andrew},
title = {{Reading digits in natural images with unsupervised feature learning}},
booktitle = {NIPS Workshop on Deep Learning and Unsupervised Feature Learning},
year = {2011}
}

@article{Makhzani2018,
  author    = {Alireza Makhzani},
  title     = {Implicit Autoencoders},
  journal   = {CoRR},
  volume    = {abs/1805.09804},
  year      = {2018},
  archivePrefix = {arXiv}
}

@inproceedings{Makhzani2015,
archivePrefix = {arXiv},
arxivId = {1511.05644},
author = {Makhzani, Alireza and Shlens, Jonathon and Jaitly, Navdeep and Goodfellow, Ian and Frey, Brendan},
title = {{Adversarial autoencoders}},
booktitle = {ICLR Workshop},
year = {2015}
}

@inproceedings{Larochelle2011,
author = {Larochelle, Hugo and Murray, Iain},
booktitle = {AISTATS},
pages = {29--37},
title = {{The Neural Autoregressive Distribution Estimator}},
year = {2011}
}

@article{Lake2015,
author = {Lake, Brenden M and Salakhutdinov, Ruslan and Tenenbaum, Joshua B},
journal = {Science},
number = {6266},
pages = {1332--8},
title = {{Human-level concept learning through probabilistic program induction.}},
volume = {350},
year = {2015}
}

@techreport{Krizhevsky2009a,
archivePrefix = {arXiv},
arxivId = {arXiv:1011.1669v3},
author = {Krizhevsky, Alex and Nair, V and Hinton, Geoff},
title = {{CIFAR10}},
url = {http://www.cs.toronto.edu/kriz/cifar.html},
institution = {University of Toronto},
year = {2009}
}


@inproceedings{Klys2018,
archivePrefix = {arXiv},
arxivId = {1812.06190v1},
author = {Klys, Jack and Snell, Jake and Zemel, Richard},
booktitle = {NIPS},
title = {{Learning latent subspaces in variational autoencoders}},
year = {2018}
}

@inproceedings{Kingma2014,
archivePrefix = {arXiv},
arxivId = {1412.6980v9},
author = {Kingma, Diederik P and {Lei Ba}, Jimmy},
title = {{ADAM: A method for stochastic optimization}},
booktitle = {ICLR},
year = {2014}
}

@inproceedings{Kingma2013,
archivePrefix = {arXiv},
arxivId = {1312.6114},
author = {Kingma, Diederik P and Welling, Max},
title = {{Auto-Encoding Variational Bayes}},
booktitle = {ICLR},
year = {2013}
}

@inproceedings{Kingma2018,
archivePrefix = {arXiv},
arxivId = {1807.03039},
author = {Kingma, Diederik P. and Dhariwal, Prafulla},
booktitle = {NIPS},
title = {{Glow: Generative Flow with Invertible 1x1 Convolutions}},
year = {2018}
}

@inproceedings{Kingma2016,
archivePrefix = {arXiv},
arxivId = {1606.04934},
author = {Kingma, Diederik P. and Salimans, Tim and Jozefowicz, Rafal and Chen, Xi and Sutskever, Ilya and Welling, Max},
booktitle = {NIPS},
title = {{Improving variational inference with inverse autoregressive flow}},
year = {2016}
}

@inproceedings{Hjelm2018,
arxivId = {arXiv:1801.04062v4},
author = {Ishmael Belghazi and Sai Rajeswar and Aristide Baratin and R Devon Hjelm and Aaron Courville},
booktitle = {ICML},
title = {{MINE: Mutual information neural estimation}},
year = {2018}
}


@inproceedings{Gomez2017,
archivePrefix = {arXiv},
arxivId = {1707.04585},
author = {Gomez, Aidan N. and Ren, Mengye and Urtasun, Raquel and Grosse, Roger B.},
title = {{The Reversible Residual Network: Backpropagation Without Storing Activations}},
booktitle = {NIPS},
year = {2017}
}

@inproceedings{NIPS2014_5423,
author = {Goodfellow, Ian and Pouget-Abadie, Jean and Mirza, Mehdi and Xu, Bing and Warde-Farley, David and Ozair, Sherjil and Courville, Aaron and Bengio, Yoshua},
booktitle = {NIPS},
pages = {2672--2680},
title = {{Generative adversarial nets}},
year = {2014}
}

@article{Dinh2014,
archivePrefix = {arXiv},
arxivId = {1410.8516},
author = {Dinh, Laurent and Krueger, David and Bengio, Yoshua},
title = {{NICE: Non-linear independent components estimation}},
journal = {arXiv:1410.8516},
year = {2014}
}

@article{Dinh2016a,
archivePrefix = {arXiv},
arxivId = {1605.08803},
author = {Dinh, Laurent and Sohl-Dickstein, Jascha and Bengio, Samy},
title = {{Density estimation using Real NVP}},
journal = {arXiv:1605.08803},
year = {2016}
}

@inproceedings{Germain2015,
archivePrefix = {arXiv},
arxivId = {1502.03509},
author = {Germain, Mathieu and Gregor, Karol and Murray, Iain and Larochelle, Hugo},
title = {{MADE: Masked autoencoder for distribution estimation}},
booktitle = {ICML},
year = {2015}
}

@article{Dupont2018,
archivePrefix = {arXiv},
arxivId = {1804.00104},
author = {Dupont, Emilien},
title = {{Learning disentangled joint continuous and discrete representations}},
journal = {arXiv:1804.00104},
year = {2018}
}


@inproceedings{Chen2016,
archivePrefix = {arXiv},
arxivId = {1606.03657},
author = {Chen, Xi and Duan, Yan and Houthooft, Rein and Schulman, John and Sutskever, Ilya and Abbeel, Pieter},
booktitle = {{NIPS}},
title = {{InfoGAN: Interpretable representation learning by information maximizing generative adversarial nets}},
year = {2016}
}

@inproceedings{Chen2018,
archivePrefix = {arXiv},
arxivId = {1806.07366},
author = {Chen, Tian Qi and Rubanova, Yulia and Bettencourt, Jesse and Duvenaud, David},
booktitle = {NIPS},
title = {{Neural ordinary differential equations}},
year = {2018}
}

@inproceedings{Agakov2004,
author = {Agakov, Felix and Barber, David},
booktitle = {NIPS},
pages = {201-208},
title = {{The IM algorithm: a variational approach to information maximization}},
year = {2003}
}

@inproceedings{bengio1999,
author = {Bengio, Yoshua and Bengio, Samy},
booktitle = {NIPS},
year = {1999},
pages = {400-406},
title = {{}Modeling high dimensional discrete data with multi-layer neural networks}},
}


@article{Bengio2013,
archivePrefix = {arXiv},
arxivId = {1206.5538},
author = {Bengio, Yoshua and Courville, Aaron and Vincent, Pascal},
journal = {IEEE TPAMI},
number = {8},
pages = {1798--1828},
title = {{Representation learning: A review and new perspectives}},
volume = {35},
year = {2013}
}

@incollection{Bernardo2003,
author = {Papaspiliopoulos, Omiros and Roberts, Gareth O and Skold, Martin},
booktitle = {Bayesian Statistics},
pages = {307--326},
title = {{Non-centered parameterisations for hierarchical models and data augmentation}},
publisher = {{Oxford University Press}},
year = {2003}
}

@inproceedings{Liu2015,
arxivId = {arXiv:1411.7766v3},
author = {Liu, Ziwei and Luo, Ping and Wang, Xiaogang and Tang, Xiaoou},
pages = {3730--3738},
booktitle = {{ICCV}},
title = {{Deep learning face attributes in the wild}},
year = {2015}
}

@article{Grathwohl2018,
  author    = {Will Grathwohl and Ricky T. Q. Chen and Jesse Bettencourt and Ilya Sutskever and David K. Duvenaud},
  title     = {{FFJORD:} Free-form continuous dynamics for scalable reversible generative models},
  journal   = {CoRR},
  volume    = {abs/1810.01367},
  year      = {2018}
}

@article{ChenKSDDSSA16,
  author    = {Xi Chen and Diederik P. Kingma and Tim Salimans and
               Yan Duan and Prafulla Dhariwal and John Schulman and
               Ilya Sutskever and Pieter Abbeel},
  title     = {Variational Lossy Autoencoder},
  journal   = {CoRR},
  volume    = {abs/1611.02731},
  year      = {2016},
  archivePrefix = {arXiv},
  eprint    = {1611.02731},
}

@inproceedings{hjelm2018learning,
title={Learning deep representations by mutual information estimation and maximization},
author={R Devon Hjelm and Alex Fedorov and Samuel Lavoie-Marchildon and Karan Grewal and Phil Bachman and Adam Trischler and Yoshua Bengio},
booktitle={International Conference on Learning Representations},
year={2019},
}

@article{DBLP:journals/corr/BengioTPPB17,
  author    = {Emmanuel Bengio and Valentin Thomas and Joelle Pineau and Doina Precup and Yoshua Bengio},
  title     = {Independently Controllable Features},
  journal   = {CoRR},
  volume    = {abs/1703.07718},
  year      = {2017},
  archivePrefix = {arXiv},
  eprint    = {1703.07718},
}

@article{DBLP:journals/corr/OordKK16,
  author    = {A{\"{a}}ron van den Oord and
               Nal Kalchbrenner and
               Koray Kavukcuoglu},
  title     = {Pixel Recurrent Neural Networks},
  journal   = {CoRR},
  volume    = {abs/1601.06759},
  year      = {2016},
  archivePrefix = {arXiv},
  eprint    = {1601.06759},
}

@article{DBLP:journals/corr/abs-1901-03416,
  author    = {Ali Razavi and
               A{\"{a}}ron van den Oord and
               Ben Poole and
               Oriol Vinyals},
  title     = {Preventing Posterior Collapse with delta-VAEs},
  journal   = {CoRR},
  volume    = {abs/1901.03416},
  year      = {2019},
  archivePrefix = {arXiv},
  eprint    = {1901.03416},
}

@article{DBLP:journals/corr/abs-1711-00464,
  author    = {Alexander A. Alemi and
               Ben Poole and
               Ian Fischer and
               Joshua V. Dillon and
               Rif A. Saurous and
               Kevin Murphy},
  title     = {An Information-Theoretic Analysis of Deep Latent-Variable Models},
  journal   = {CoRR},
  volume    = {abs/1711.00464},
  year      = {2017},
  archivePrefix = {arXiv},
  eprint    = {1711.00464},
}

@article{DBLP:journals/corr/BowmanVVDJB15,
  author    = {Samuel R. Bowman and
               Luke Vilnis and
               Oriol Vinyals and
               Andrew M. Dai and
               Rafal J{\'{o}}zefowicz and
               Samy Bengio},
  title     = {Generating Sentences from a Continuous Space},
  journal   = {CoRR},
  volume    = {abs/1511.06349},
  year      = {2015},
  archivePrefix = {arXiv},
  eprint    = {1511.06349},
}

@article{DBLP:journals/corr/abs-1711-00937,
  author    = {A{\"{a}}ron van den Oord and
               Oriol Vinyals and
               Koray Kavukcuoglu},
  title     = {Neural Discrete Representation Learning},
  journal   = {CoRR},
  volume    = {abs/1711.00937},
  year      = {2017},
  archivePrefix = {arXiv},
  eprint    = {1711.00937},
}

@article{DBLP:journals/corr/BornscheinSFB15,
  author    = {J{\"{o}}rg Bornschein and
               Samira Shabanian and
               Asja Fischer and
               Yoshua Bengio},
  title     = {Bidirectional Helmholtz Machines},
  journal   = {CoRR},
  volume    = {abs/1506.03877},
  year      = {2015},
  archivePrefix = {arXiv},
  eprint    = {1506.03877},
}

@article{oord2017parallel,
    author = {Oord, Aaron van den and Yazhe Li and Igor Babuschkin and Karen Simonyan and Oriol Vinyals and Koray Kavukcuoglu and George van den Driessche},
    title = {Parallel wavenet: Fast high-fidelity speech synthesis},
    journal = {arXiv preprint arXiv:1711.10433},
    year = {2017},
}

@article{Bang-BiGAN2018,
  author    = {Duhyeon Bang and                Hyunjung Shim},
  title     = {High Quality Bidirectional Generative Adversarial Networks},
  journal   = {CoRR},
  volume    = {abs/1805.10717},
  year      = {2018}
}


@inproceedings{BiGAN,
arxivId = {arXiv:1411.7766v3},
author = {Liu, Ziwei and Luo, Ping and Wang, Xiaogang and Tang, Xiaoou},
pages = {3730--3738},
booktitle = {{ICCV}},
title = {{Deep learning face attributes in the wild}},
year = {2015}
}

@article{DonahueKD16-BiGAN,
  author    = {Jeff Donahue and Philipp Kr{\"{a}}henb{\"{u}}hl and Trevor Darrell},
  title     = {Adversarial Feature Learning},
  journal   = {CoRR},
  volume    = {abs/1605.09782},
  year      = {2016}
}

@article{DBLP:journals/corr/MaddisonMT16,
  author    = {Chris J. Maddison and
               Andriy Mnih and
               Yee Whye Teh},
  title     = {The Concrete Distribution: {A} Continuous Relaxation of Discrete Random
               Variables},
  journal   = {CoRR},
  volume    = {abs/1611.00712},
  year      = {2016},
  archivePrefix = {arXiv},
  eprint    = {1611.00712},
}

@inproceedings{Sutton:1999:PGM:3009657.3009806,
 author = {Sutton, Richard S. and McAllester, David and Singh, Satinder and Mansour, Yishay},
 title = {Policy Gradient Methods for Reinforcement Learning with Function Approximation},
 booktitle = {Proceedings of the 12th International Conference on Neural Information Processing Systems},
 series = {NIPS'99},
 year = {1999},
 location = {Denver, CO},
 pages = {1057--1063},
 numpages = {7},
 acmid = {3009806},
 publisher = {MIT Press},
 address = {Cambridge, MA, USA},
} 


@article{DBLP:journals/corr/TuckerMMS17,
  author    = {George Tucker and
               Andriy Mnih and
               Chris J. Maddison and
               Jascha Sohl{-}Dickstein},
  title     = {{REBAR:} Low-variance, unbiased gradient estimates for discrete latent
               variable models},
  journal   = {CoRR},
  volume    = {abs/1703.07370},
  year      = {2017},
  archivePrefix = {arXiv},
  eprint    = {1703.07370},
  timestamp = {Mon, 13 Aug 2018 16:48:53 +0200},
}

@article{DBLP:journals/corr/TomczakW17,
  author    = {Jakub M. Tomczak and
               Max Welling},
  title     = {{VAE} with a VampPrior},
  journal   = {CoRR},
  volume    = {abs/1705.07120},
  year      = {2017},
  url       = {http://arxiv.org/abs/1705.07120},
  archivePrefix = {arXiv},
  eprint    = {1705.07120},
  timestamp = {Mon, 13 Aug 2018 16:48:10 +0200},
  biburl    = {https://dblp.org/rec/bib/journals/corr/TomczakW17},
  bibsource = {dblp computer science bibliography, https://dblp.org}
}

@article{maaten2008visualizing,
  added-at = {2015-03-24T16:21:30.000+0100},
  author = {van der Maaten, Laurens and Hinton, Geoffrey E.},
  biburl = {https://www.bibsonomy.org/bibtex/25fde64f4b6ca95060a329b980a54013f/saos},
  interhash = {d3658497eff9fea21e66bb43320a822a},
  intrahash = {5fde64f4b6ca95060a329b980a54013f},
  journal = {Journal of Machine Learning Research},
  keywords = {dimensionality_reduction visualization},
  pages = {2579-2605},
  timestamp = {2015-04-29T17:59:14.000+0200},
  title = {Visualizing High-Dimensional Data Using t-SNE},
  volume = 9,
  year = 2008
}

@article{DBLP:journals/corr/abs-1902-00275,
  author    = {Jonathan Ho and
               Xi Chen and
               Aravind Srinivas and
               Yan Duan and
               Pieter Abbeel},
  title     = {Flow++: Improving Flow-Based Generative Models with Variational Dequantization
               and Architecture Design},
  journal   = {CoRR},
  volume    = {abs/1902.00275},
  year      = {2019},
  url       = {http://arxiv.org/abs/1902.00275},
  archivePrefix = {arXiv},
  eprint    = {1902.00275},
  timestamp = {Tue, 21 May 2019 18:03:38 +0200},
  biburl    = {https://dblp.org/rec/bib/journals/corr/abs-1902-00275},
  bibsource = {dblp computer science bibliography, https://dblp.org}
}
@article{DBLP:journals/corr/abs-1708-07747,
  author    = {Han Xiao and
               Kashif Rasul and
               Roland Vollgraf},
  title     = {Fashion-MNIST: a Novel Image Dataset for Benchmarking Machine Learning
               Algorithms},
  journal   = {CoRR},
  volume    = {abs/1708.07747},
  year      = {2017},
  url       = {http://arxiv.org/abs/1708.07747},
  archivePrefix = {arXiv},
  eprint    = {1708.07747},
  timestamp = {Mon, 13 Aug 2018 16:47:27 +0200},
  biburl    = {https://dblp.org/rec/bib/journals/corr/abs-1708-07747},
  bibsource = {dblp computer science bibliography, https://dblp.org}
}

@article{DBLP:journals/corr/abs-1801-07648,
  author    = {Elie Aljalbout and
               Vladimir Golkov and
               Yawar Siddiqui and
               Daniel Cremers},
  title     = {Clustering with Deep Learning: Taxonomy and New Methods},
  journal   = {CoRR},
  volume    = {abs/1801.07648},
  year      = {2018},
  url       = {http://arxiv.org/abs/1801.07648},
  archivePrefix = {arXiv},
  eprint    = {1801.07648},
  timestamp = {Mon, 13 Aug 2018 16:48:59 +0200},
  biburl    = {https://dblp.org/rec/bib/journals/corr/abs-1801-07648},
  bibsource = {dblp computer science bibliography, https://dblp.org}
}

@article{PhysRevE.69.066138,
  title = {Estimating mutual information},
  author = {Kraskov, Alexander and St\"ogbauer, Harald and Grassberger, Peter},
  journal = {Phys. Rev. E},
  volume = {69},
  issue = {6},
  pages = {066138},
  numpages = {16},
  year = {2004},
  month = {Jun},
  publisher = {American Physical Society},
  doi = {10.1103/PhysRevE.69.066138},
  url = {https://link.aps.org/doi/10.1103/PhysRevE.69.066138}
}

@article{DBLP:journals/corr/GaoOV16,
  author    = {Weihao Gao and
               Sewoong Oh and
               Pramod Viswanath},
  title     = {Demystifying Fixed k-Nearest Neighbor Information Estimators},
  journal   = {CoRR},
  volume    = {abs/1604.03006},
  year      = {2016},
  url       = {http://arxiv.org/abs/1604.03006},
  archivePrefix = {arXiv},
  eprint    = {1604.03006},
  timestamp = {Mon, 13 Aug 2018 16:47:51 +0200},
  biburl    = {https://dblp.org/rec/bib/journals/corr/GaoOV16},
  bibsource = {dblp computer science bibliography, https://dblp.org}
}
@ARTICLE{2014arXiv1412.6980K,
       author = {{Kingma}, Diederik P. and {Ba}, Jimmy},
        title = "{Adam: A Method for Stochastic Optimization}",
      journal = {arXiv e-prints},
     keywords = {Computer Science - Machine Learning},
         year = "2014",
        month = "Dec",
          eid = {arXiv:1412.6980},
        pages = {arXiv:1412.6980},
archivePrefix = {arXiv},
       eprint = {1412.6980},
 primaryClass = {cs.LG},
       adsurl = {https://ui.adsabs.harvard.edu/abs/2014arXiv1412.6980K},
      adsnote = {Provided by the SAO/NASA Astrophysics Data System}
}
